<?xml version="1.0" encoding="UTF-8"?><collection xmlns="http://www.loc.gov/MARC21/slim"><record><leader>00612nam--2200193-u-4500</leader><controlfield tag="001">000054093</controlfield><controlfield tag="002">20161230</controlfield><controlfield tag="005">20161230201051</controlfield><controlfield tag="008">110802s1000------------r-----000-0-eng-d</controlfield><datafield ind1=" " ind2=" " tag="020"><subfield code="a">0720404207</subfield></datafield><datafield ind1=" " ind2=" " tag="040"><subfield code="a">IFIN-HH</subfield></datafield><datafield ind1=" " ind2=" " tag="080"><subfield code="a">537.622(061.3)</subfield></datafield><datafield ind1="1" ind2=" " tag="100"><subfield code="a">Zinn, W</subfield></datafield><datafield ind1="1" ind2="0" tag="245"><subfield code="a">Magnetic semiconductors</subfield><subfield code="b">Proceedings of the 1975 discussion meeting on magnetic semiconductors 29 september - 1 october 1975, julich, germany</subfield><subfield code="c">W. zinn (ed.)</subfield></datafield><datafield ind1=" " ind2=" " tag="260"><subfield code="a">Amsterdam</subfield><subfield code="b">North-hplland Publishinf Company</subfield><subfield code="c">1976</subfield></datafield><datafield ind1=" " ind2=" " tag="300"><subfield code="a">204P</subfield></datafield><datafield ind1=" " ind2=" " tag="490"><subfield code="a">Proceedings</subfield></datafield><datafield ind1="7" ind2="7" tag="852"><subfield code="6">57</subfield><subfield code="c">537.311.33</subfield></datafield><datafield ind1=" " ind2=" " tag="CAT"><subfield code="a">Sys</subfield><subfield code="c">20110802</subfield><subfield code="h">132426</subfield></datafield></record></collection>